<record><leader>00000cas a2200000 a 4500</leader><controlfield tag="001">13686263</controlfield><controlfield tag="008">860604d18931924okuwr ne      0    0eng d</controlfield><datafield ind1=" " ind2=" " tag="010"><subfield code="a">sn 86064174 </subfield></datafield><datafield ind1=" " ind2=" " tag="040"><subfield code="a">KSH</subfield><subfield code="b">eng</subfield><subfield code="c">KSH</subfield><subfield code="d">NPT</subfield><subfield code="d">OBN</subfield><subfield code="d">OCL</subfield><subfield code="d">OCLCQ</subfield><subfield code="d">OCLCF</subfield><subfield code="d">OCLCO</subfield></datafield><datafield ind1="1" ind2=" " tag="029"><subfield code="a">AU@</subfield><subfield code="b">000022169935</subfield></datafield><datafield ind1=" " ind2=" " tag="042"><subfield code="a">msc</subfield></datafield><datafield ind1=" " ind2=" " tag="043"><subfield code="a">n-us-ok</subfield></datafield><datafield ind1="0" ind2="0" tag="245"><subfield code="a">Noble County sentinel.</subfield></datafield><datafield ind1="3" ind2=" " tag="246"><subfield code="a">Noble County sentinel weekly</subfield></datafield><datafield ind1="3" ind2=" " tag="246"><subfield code="a">Perry, Okla., sentinel</subfield></datafield><datafield ind1="3" ind2=" " tag="246"><subfield code="a">Sentinel</subfield></datafield><datafield ind1="3" ind2=" " tag="246"><subfield code="a">Noble Co. sentinel</subfield></datafield><datafield ind1="3" ind2=" " tag="246"><subfield code="a">Perry sentinel</subfield></datafield><datafield ind1="3" ind2=" " tag="246"><subfield code="a">Noble County sentinel and enterprise-times</subfield></datafield><datafield ind1=" " ind2=" " tag="260"><subfield code="a">Perry, Noble County, Okla. :</subfield><subfield code="b">Lon Whorton</subfield></datafield><datafield ind1=" " ind2=" " tag="300"><subfield code="a">v.</subfield></datafield><datafield ind1=" " ind2=" " tag="310"><subfield code="a">Weekly</subfield></datafield><datafield ind1="0" ind2=" " tag="362"><subfield code="a">-v. 31, no. 21 (Jan. 31, 1924).</subfield></datafield><datafield ind1="1" ind2=" " tag="362"><subfield code="a">Began in 1893.</subfield></datafield><datafield ind1=" " ind2=" " tag="500"><subfield code="a">Published as: Noble County sentinel weekly, Aug. 3, 1922.</subfield></datafield><datafield ind1=" " ind2=" " tag="500"><subfield code="a">Published as: Noble County sentinel and enterprise-times, Feb. 7-July 18, 1918.</subfield></datafield><datafield ind1=" " ind2=" " tag="580"><subfield code="a">Issued with: Lucien leader, Mar. 2-May 11, 1911.</subfield></datafield><datafield ind1=" " ind2=" " tag="588"><subfield code="a">Description based on: Vol. 2, no. 21 (Mar. 21, 1895).</subfield></datafield><datafield ind1=" " ind2="0" tag="651"><subfield code="a">Perry (Okla.)</subfield><subfield code="v">Newspapers.</subfield></datafield><datafield ind1=" " ind2="0" tag="651"><subfield code="a">Noble County (Okla.)</subfield><subfield code="v">Newspapers.</subfield></datafield><datafield ind1=" " ind2="7" tag="655"><subfield code="a">Newspapers.</subfield><subfield code="2">fast</subfield><subfield code="0">(OCoLC)fst01423814</subfield></datafield><datafield ind1=" " ind2="7" tag="651"><subfield code="a">Oklahoma</subfield><subfield code="z">Noble County.</subfield><subfield code="2">fast</subfield><subfield code="0">(OCoLC)fst01209446</subfield></datafield><datafield ind1=" " ind2="7" tag="651"><subfield code="a">Oklahoma</subfield><subfield code="z">Perry.</subfield><subfield code="2">fast</subfield><subfield code="0">(OCoLC)fst01220632</subfield></datafield><datafield ind1=" " ind2=" " tag="752"><subfield code="a">United States</subfield><subfield code="b">Oklahoma</subfield><subfield code="c">Noble</subfield><subfield code="d">Perry.</subfield></datafield><datafield ind1="0" ind2=" " tag="775"><subfield code="t">Morning sentinel</subfield><subfield code="w">(DLC)sn 96093992</subfield><subfield code="w">(OCoLC)35575892</subfield></datafield><datafield ind1="0" ind2=" " tag="777"><subfield code="t">Lucien leader</subfield><subfield code="w">(DLC)sn 96093180</subfield><subfield code="w">(OCoLC)35951219</subfield></datafield><datafield ind1="0" ind2="0" tag="780"><subfield code="t">Cherokee sentinel</subfield></datafield><datafield ind1="0" ind2="5" tag="780"><subfield code="t">Perry enterprise-times (weekly : 1895)</subfield><subfield code="w">(DLC)sn 96093034</subfield><subfield code="w">(OCoLC)35642840</subfield></datafield><datafield ind1="0" ind2="7" tag="785"><subfield code="t">Perry republican</subfield><subfield code="w">(DLC)sn 86064173</subfield><subfield code="w">(OCoLC)13686282</subfield></datafield><datafield ind1="0" ind2="7" tag="785"><subfield code="t">Perry journal (Weekly : 1924)</subfield><subfield code="w">(DLC)sn 96093026</subfield><subfield code="w">(OCoLC)35640571</subfield></datafield></record>